<?xml version="1.0" encoding="UTF-8"?><collection xmlns="http://www.loc.gov/MARC21/slim"><record><leader>00733nam--2200193-u-4500</leader><controlfield tag="001">000056145</controlfield><controlfield tag="002">20161230</controlfield><controlfield tag="005">20170128195803</controlfield><controlfield tag="008">150107s1000------------r-----000-0-eng-d</controlfield><datafield ind1=" " ind2=" " tag="040"><subfield code="a">IFIN-HH</subfield></datafield><datafield ind1=" " ind2=" " tag="080"><subfield code="a">539.12.162.8</subfield></datafield><datafield ind1="1" ind2=" " tag="110"><subfield code="a">Societa Italiana Di Fisica</subfield></datafield><datafield ind1="1" ind2="0" tag="245"><subfield code="a">Rendiconti della scuola internazionale di fisica enrico fermi corso liv: Sviluppi della fisica delle alte energie. Developments in high energy physics. Varenna sul Lago di Como Villa Monastero 2-14 agosto 1971</subfield><subfield code="c">R. Gatto</subfield></datafield><datafield ind1=" " ind2=" " tag="260"><subfield code="a">New York</subfield><subfield code="b">Academic Press</subfield><subfield code="c">1972</subfield></datafield><datafield ind1=" " ind2=" " tag="300"><subfield code="a">XII+426 p</subfield></datafield><datafield ind1=" " ind2=" " tag="490"><subfield code="a">Proceedings Of The Interantional School Of Physics Enrico Fermi Course Liv</subfield></datafield><datafield ind1="1" ind2=" " tag="700"><subfield code="a">Gatto, R</subfield></datafield><datafield ind1=" " ind2=" " tag="852"><subfield code="a">1874</subfield><subfield code="c">53</subfield></datafield><datafield ind1=" " ind2=" " tag="CAT"><subfield code="a">SYS</subfield><subfield code="c">20170128</subfield><subfield code="h">195803</subfield></datafield></record></collection>